% Literaturquelle: 
% https://www.zotero.org
% https://scholar.google.de/
% https://www.amazon.de
% ju 10-Aug-20 
% [Zotero Style Repository](https://www.zotero.org/styles)
% Stil: IEEE (nummer) o. Springer-Physics (Schmidt 2015).
% Beispiele: Aufruf [at...]. einfuegen
% Markdown
%Quelle: Lauren S. 87 [ lauren:2016:fitkraftstoff].
%Quelle: [ marquardt:2015:laufbibel].
% Latex
%Zitat: vgl. \textcite{zeller:2017:hindernis} und \textcite{marquardt:2018:trainingsplan10km}.
%Quelle: \textcite{lauren:2017:fit}.

@book{lauren:2014:fit90tage,
    title={Fit ohne Geräte~--~Die 90-Tage-Challenge für Männer},
    author={Lauren, M. and Galinski, J.},
    isbn={9783864137822},
    year={2014},
    publisher={Riva}
}

@book{lauren:2016:fitkraftstoff,
    title={Fit ohne Geräte~--~Kraftstoff: Die optimale Ernährung für weniger Körperfett und mehr Muskeldefinition~--~geeignet für Männer und Frauen},
    author={Lauren, M. and Greenwood-Robinson, M.},
    isbn={9783959710756},
    year={2016},
    publisher={Riva}
}

@book{lauren:2017:fit,
    title={Fit ohne Geräte~--~Trainieren mit dem eigenen Körpergewicht},
    author={Lauren, M. and Clark, J.},
    isbn={9783959719247},
    year={2017},
    publisher={Riva}
}

@book{marquardt:2015:laufbibel,
    title={Die Laufbibel~--~das Standardwerk zum gesunden Laufen},
    author={Marquardt, M.},
    isbn={9783955900687},
    year={2015},
    publisher={spomedis}
}
@book{steffny:2006:laufbuch,
    title={Das grosse Laufbuch~--~alles, was man übers Laufen wissen muss, bewährte Trainingspläne vom Einstieg bis zum Marathon~--~Expertenwissen zu Ausrüstung, Motivation und Ernährung},
    author={Steffny, H.},
    isbn={9783517067285},
    year={2006},
    publisher={Südwest}
}

@book{zeller:2017:hindernis,
    title={Schweiss, Schlamm und Endorphine~--~Alles über Extrem-Hindernisläufe und wie man sie meistert~--~In 12 Wochen fit für den Start},
    author={Hadbawnik, I. and Zeller, R.},
    isbn={9783831258048},
    year={2017},
    publisher={Komplett Media {GmbH}},
}

% Lauftechnik verbessern
@online{marquardt:2018:laufstil,
    title={Laufstil verbessern},
    author={Marquardt, M.},
    url={https://www.matthias-marquardt.com/lauftechnik/lauftechnik-verbessern/},
    urldate={2018-05-23}
}

% Fußtraining
@online{marquardt:2018:fusstraining,
	title={Fußtraining für verletzungsanfällige Läufer},
	author={Marquardt, M.},
	url={https://www.matthias-marquardt.com/schuhe-einlagen/fu%C3%9Ftraining/},
	urldate={2018-05-23}
}

@online{marquardt:2018:fusstrainingsplan,
	title={Fußtrainingspläne für verletzte Läufer},
	author={Marquardt, M.},
	url={https://www.matthias-marquardt.com/running-fitness/trainingspl%C3%A4ne/footperformance/},
	urldate={2018-05-23}
}

% Trainingsrechner
% Tempo und die Durchgangszeiten Wettkampf
% Schrittfrequenz
% Zeit/Gewicht
% Lauftempo in Min/km, km/h und m/s umrechnen
% Wettkampfzeit
% Pulsbereiche
% Intervallzeiten
% BMI
% Kalorien/Energie
@online{marquardt:2018:trainingsrechner,
	title={Trainingsrechner für Läufer},
	author={Marquardt, M.},
	url={https://www.matthias-marquardt.com/rechner/},
	urldate={2018-05-23}
}

% Trainingspuls finden
@online{marquardt:2018:pulspace,
	title={Puls \& Pace},
	author={Marquardt, M.},
	url={https://www.matthias-marquardt.com/running-fitness/trainingspl%C3%A4ne/puls-pace/},
	urldate={2018-05-23}
}
% Trainingspläne für Einsteiger
@online{marquardt:2018:trainingeinsteiger,
	title={Trainingspläne für Einsteiger},
	author={Marquardt, M.},
	url={https://www.matthias-marquardt.com/running-fitness/trainingspl%C3%A4ne/einsteiger-1/},
	urldate={2018-05-23}
}

% Trainingspläne für Läufer
% Trainingspläne für Verletzte
@online{marquardt:2018:trainingsplan5km,
	title={Trainingsplan 5 km für Läufer und Verletzte},
	author={Marquardt, M.},
	url={https://www.matthias-marquardt.com/running-fitness/trainingspl%C3%A4ne/5-km-1/},
	urldate={2018-05-23}
}

@online{marquardt:2018:trainingsplan10km,
	title={Trainingsplan 10 km für Läufer und Verletzte},
	author={Marquardt, M.},
	url={https://www.matthias-marquardt.com/running-fitness/trainingspl%C3%A4ne/10-km/},
	urldate={2018-05-23}
}

@online{marquardt:2018:trainingsplan21km,
	title={Trainingsplan 21,1 km für Läufer und Verletzte},
	author={Marquardt, M.},
	url={https://www.matthias-marquardt.com/running-fitness/trainingspl%C3%A4ne/21-1-km/},
	urldate={2018-05-23}
}

@online{marquardt:2018:trainingsplan42km,
	title={Trainingsplan 42,2 km für Läufer und Verletzte},
	author={Marquardt, M.},
	url={https://www.matthias-marquardt.com/running-fitness/trainingspl%C3%A4ne/42-2-km/},
	urldate={2018-05-23}
}

% Athletik
@online{marquardt:2018:koordinationstrainingeinsteiger,
	title={Koordinationstraining für Laufeinsteiger},
	author={Marquardt, M.},
	url={https://www.matthias-marquardt.com/athletik/einsteiger/},
	urldate={2018-05-23}
}

@online{marquardt:2018:koordinationstraininglaufen,
	title={Koordinationstraining Laufen},
	author={Marquardt, M.},
	url={https://www.matthias-marquardt.com/athletik/l%C3%A4ufer/},
	urldate={2018-05-23}
}

@online{marquardt:2018:rueckenuebung,
	title={Rücken Übungen bei Verletzungen},
	author={Marquardt, M.},
	url={https://www.matthias-marquardt.com/athletik/verletzte/r%C3%BCcken-isg-h%C3%BCfte/},
	urldate={2018-05-23}
}

@online{marquardt:2018:knieuebung,
	title={Knie Übungen bei Verletzungen},
	author={Marquardt, M.},
	url={https://www.matthias-marquardt.com/athletik/verletze/knie-tractus/},
	urldate={2018-05-23}
}

@online{marquardt:2018:fussuebung,
	title={Fuß Übungen bei Verletzungen},
	author={Marquardt, M.},
	url={https://www.matthias-marquardt.com/athletik/verletze/fu%C3%9F-unterschenkel/},
	urldate={2018-05-23}
}

% Sport Verletzung
@online{marquardt:2018:schmerzendesknie,
	title={Schmerzendes Läuferknie},
	author={Marquardt, M.},
	url={https://www.matthias-marquardt.com/verletzungen/l%C3%A4uferknie/},
	urldate={2018-05-23}
}

@online{marquardt:2018:verletzteachilles,
	title={Verletzte Achillessehne: Laufen?},
	author={Marquardt, M.},
	url={https://www.matthias-marquardt.com/verletzungen/achillessehne/},
	urldate={2018-05-23}
}

% Sport Check-up
@online{marquardt:2018:sportmedizinischertest,
	title={Sportmedizinischer Test},
	author={Marquardt, M.},
	url={https://www.matthias-marquardt.com/sport-und-check-up-medizin/check-ups/},
	urldate={2018-05-23}
}

@online{marquardt:2018:bewegungsanalyse,
	title={Laufbandanalyse \& Bewegungsanalyse},
	author={Marquardt, M.},
	url={https://www.matthias-marquardt.com/sport-und-check-up-medizin/gang-und-laufanalyse/},
	urldate={2018-05-23}
}

@online{marquardt:2018:leistungsdiagnostik,
	title={Leistungsdiagnostik für Läufer},
	author={Marquardt, M.},
	url={https://www.matthias-marquardt.com/sport-und-check-up-medizin/leistungsdiagnostik/},
	urldate={2018-05-23}
}

@online{marquardt:2018:laufschuhberatungssysteme,
	title={Laufschuh-Beratungssysteme},
	author={Marquardt, M.},
	url={https://www.matthias-marquardt.com/schuhe-einlagen/beratungssysteme/},
	urldate={2018-05-23}
}
